[
	{
		"accountId": 36745690,
		"createdAt": "2016-05-29T07:44:27Z",
		"id": 1,
		"owner": "Milo Richards",
		"published": true,
		"revenue": 32401877,
		"spend": 31059720,
		"title": "Pragmatic Ads",
		"updatedAt": "2016-06-15T10:20:26Z",
		"views": 38
	},
	{
		"accountId": 32512615,
		"createdAt": "2016-10-30T18:47:11Z",
		"id": 2,
		"owner": "Egbert Maldonado",
		"published": false,
		"revenue": 35997197,
		"spend": 33929524,
		"title": "Video Ads",
		"updatedAt": "2019-01-26T00:20:47Z",
		"views": 50
	},
	{
		"accountId": 36815930,
		"createdAt": "2015-03-19T12:41:29Z",
		"id": 3,
		"owner": "Gillian Ball",
		"published": false,
		"revenue": 36844474,
		"spend": 35501165,
		"title": "Pragmatic Ads",
		"updatedAt": "2021-04-28T00:25:17Z",
		"views": 51
	},
	{
		"accountId": 30195749,
		"createdAt": "2010-01-30T22:08:53Z",
		"id": 4,
		"owner": "Maynard Day",
		"published": false,
		"revenue": 36375907,
		"spend": 38059930,
		"title": "Pragmatic Ads",
		"updatedAt": "2019-04-08T13:30:57Z",
		"views": 68
	},
	{
		"accountId": 31970949,
		"createdAt": "2020-02-25T08:27:34Z",
		"id": 5,
		"owner": "Gillian Ball",
		"published": true,
		"revenue": 38591671,
		"spend": 36960534,
		"title": "Playable Ads",
		"updatedAt": "2021-10-21T08:43:25Z",
		"views": 28
	},
	{
		"accountId": 32886224,
		"createdAt": "2011-09-04T13:25:37Z",
		"id": 6,
		"owner": "Milo Richards",
		"published": false,
		"revenue": 30021109,
		"spend": 35254628,
		"title": "Video Ads",
		"updatedAt": "2012-05-14T12:10:39Z",
		"views": 29
	},
	{
		"accountId": 39499309,
		"createdAt": "2010-04-20T09:52:31Z",
		"id": 7,
		"owner": "Egbert Maldonado",
		"published": true,
		"revenue": 38322904,
		"spend": 34500573,
		"title": "Pragmatic Ads",
		"updatedAt": "2012-05-14T05:51:29Z",
		"views": 86
	},
	{
		"accountId": 31483181,
		"createdAt": "2016-07-18T23:54:01Z",
		"id": 8,
		"owner": "Egbert Maldonado",
		"published": false,
		"revenue": 37524539,
		"spend": 38425588,
		"title": "Pragmatic Ads",
		"updatedAt": "2010-10-02T19:09:01Z",
		"views": 29
	},
	{
		"accountId": 33161207,
		"createdAt": "2021-06-20T09:34:26Z",
		"id": 9,
		"owner": "Gillian Ball",
		"published": true,
		"revenue": 34506661,
		"spend": 34421838,
		"title": "Playable Ads",
		"updatedAt": "2020-11-02T06:10:14Z",
		"views": 42
	},
	{
		"accountId": 32187909,
		"createdAt": "2014-07-10T16:26:59Z",
		"id": 10,
		"owner": "Milo Richards",
		"published": false,
		"revenue": 35641961,
		"spend": 36394227,
		"title": "Video Ads",
		"updatedAt": "2019-02-10T10:10:35Z",
		"views": 60
	},
	{
		"accountId": 30645932,
		"createdAt": "2017-03-28T06:40:39Z",
		"id": 11,
		"owner": "Maynard Day",
		"published": true,
		"revenue": 33819645,
		"spend": 33959606,
		"title": "Video Ads",
		"updatedAt": "2018-01-16T23:44:23Z",
		"views": 91
	},
	{
		"accountId": 35449049,
		"createdAt": "2019-09-06T07:50:04Z",
		"id": 12,
		"owner": "Gillian Ball",
		"published": false,
		"revenue": 33040416,
		"spend": 36141974,
		"title": "Playable Ads",
		"updatedAt": "2020-11-19T19:33:12Z",
		"views": 38
	},
	{
		"accountId": 31654439,
		"createdAt": "2021-08-23T10:38:16Z",
		"id": 13,
		"owner": "Gillian Ball",
		"published": true,
		"revenue": 36710038,
		"spend": 36459868,
		"title": "Pragmatic Ads",
		"updatedAt": "2021-01-31T11:20:35Z",
		"views": 62
	},
	{
		"accountId": 38724034,
		"createdAt": "2013-10-16T22:37:24Z",
		"id": 14,
		"owner": "Egbert Maldonado",
		"published": false,
		"revenue": 36569037,
		"spend": 37499897,
		"title": "Pragmatic Ads",
		"updatedAt": "2016-03-07T09:24:57Z",
		"views": 49
	},
	{
		"accountId": 34508653,
		"createdAt": "2020-01-11T09:46:55Z",
		"id": 15,
		"owner": "Maynard Day",
		"published": false,
		"revenue": 37917314,
		"spend": 35814313,
		"title": "Playable Ads",
		"updatedAt": "2014-10-07T15:54:25Z",
		"views": 82
	},
	{
		"accountId": 32394897,
		"createdAt": "2014-06-19T02:24:06Z",
		"id": 16,
		"owner": "Egbert Maldonado",
		"published": false,
		"revenue": 30430052,
		"spend": 38100809,
		"title": "Pragmatic Ads",
		"updatedAt": "2011-11-20T23:12:59Z",
		"views": 67
	},
	{
		"accountId": 35363477,
		"createdAt": "2020-09-07T14:44:33Z",
		"id": 17,
		"owner": "Milo Richards",
		"published": true,
		"revenue": 34105914,
		"spend": 37679925,
		"title": "Video Ads",
		"updatedAt": "2017-04-11T04:36:33Z",
		"views": 56
	},
	{
		"accountId": 34153780,
		"createdAt": "2018-11-04T16:33:00Z",
		"id": 18,
		"owner": "Gillian Ball",
		"published": false,
		"revenue": 35031297,
		"spend": 36210158,
		"title": "Pragmatic Ads",
		"updatedAt": "2017-08-13T05:26:06Z",
		"views": 49
	},
	{
		"accountId": 34447195,
		"createdAt": "2015-05-23T00:07:43Z",
		"id": 19,
		"owner": "Maynard Day",
		"published": true,
		"revenue": 30914971,
		"spend": 30770025,
		"title": "Pragmatic Ads",
		"updatedAt": "2010-09-23T08:09:51Z",
		"views": 46
	},
	{
		"accountId": 35428376,
		"createdAt": "2012-04-30T12:37:45Z",
		"id": 20,
		"owner": "Gillian Ball",
		"published": true,
		"revenue": 39761723,
		"spend": 31589035,
		"title": "Pragmatic Ads",
		"updatedAt": "2016-09-01T10:37:15Z",
		"views": 81
	},
	{
		"accountId": 35162979,
		"createdAt": "2020-06-24T05:34:15Z",
		"id": 21,
		"owner": "Gillian Ball",
		"published": false,
		"revenue": 32513342,
		"spend": 37838736,
		"title": "Pragmatic Ads",
		"updatedAt": "2021-04-24T08:39:50Z",
		"views": 56
	},
	{
		"accountId": 37460738,
		"createdAt": "2010-09-14T16:27:03Z",
		"id": 22,
		"owner": "Gillian Ball",
		"published": false,
		"revenue": 37529361,
		"spend": 32613823,
		"title": "Playable Ads",
		"updatedAt": "2014-01-26T11:48:27Z",
		"views": 41
	},
	{
		"accountId": 36451544,
		"createdAt": "2018-10-31T00:09:06Z",
		"id": 23,
		"owner": "Milo Richards",
		"published": false,
		"revenue": 38214220,
		"spend": 39172124,
		"title": "Video Ads",
		"updatedAt": "2016-01-27T21:38:19Z",
		"views": 38
	},
	{
		"accountId": 37163808,
		"createdAt": "2016-03-02T05:49:26Z",
		"id": 24,
		"owner": "Maynard Day",
		"published": false,
		"revenue": 39667677,
		"spend": 35588959,
		"title": "Playable Ads",
		"updatedAt": "2017-08-08T18:41:22Z",
		"views": 45
	},
	{
		"accountId": 35151090,
		"createdAt": "2013-09-28T05:35:35Z",
		"id": 25,
		"owner": "Milo Richards",
		"published": true,
		"revenue": 36195974,
		"spend": 37823419,
		"title": "Pragmatic Ads",
		"updatedAt": "2015-06-11T12:46:13Z",
		"views": 74
	},
	{
		"accountId": 32539631,
		"createdAt": "2014-07-07T19:20:48Z",
		"id": 26,
		"owner": "Milo Richards",
		"published": true,
		"revenue": 32056226,
		"spend": 32901650,
		"title": "Playable Ads",
		"updatedAt": "2021-03-23T19:00:42Z",
		"views": 78
	},
	{
		"accountId": 38549186,
		"createdAt": "2010-08-31T20:16:07Z",
		"id": 27,
		"owner": "Gillian Ball",
		"published": true,
		"revenue": 37451214,
		"spend": 35609453,
		"title": "Playable Ads",
		"updatedAt": "2011-10-15T17:53:02Z",
		"views": 82
	},
	{
		"accountId": 30103252,
		"createdAt": "2020-08-01T00:56:37Z",
		"id": 28,
		"owner": "Milo Richards",
		"published": true,
		"revenue": 36567597,
		"spend": 36826320,
		"title": "Video Ads",
		"updatedAt": "2010-07-03T03:54:42Z",
		"views": 10
	},
	{
		"accountId": 36297898,
		"createdAt": "2019-03-23T07:20:54Z",
		"id": 29,
		"owner": "Egbert Maldonado",
		"published": true,
		"revenue": 35043188,
		"spend": 35811197,
		"title": "Playable Ads",
		"updatedAt": "2017-08-06T21:42:43Z",
		"views": 21
	},
	{
		"accountId": 31755448,
		"createdAt": "2020-08-19T06:38:21Z",
		"id": 30,
		"owner": "Gillian Ball",
		"published": true,
		"revenue": 38787923,
		"spend": 31931624,
		"title": "Playable Ads",
		"updatedAt": "2012-03-14T10:21:49Z",
		"views": 61
	},
	{
		"accountId": 39162588,
		"createdAt": "2016-11-02T17:41:07Z",
		"id": 31,
		"owner": "Milo Richards",
		"published": false,
		"revenue": 31046023,
		"spend": 34725219,
		"title": "Playable Ads",
		"updatedAt": "2019-04-02T18:37:30Z",
		"views": 48
	},
	{
		"accountId": 31622787,
		"createdAt": "2014-07-28T04:15:55Z",
		"id": 32,
		"owner": "Egbert Maldonado",
		"published": true,
		"revenue": 33197051,
		"spend": 33724032,
		"title": "Pragmatic Ads",
		"updatedAt": "2014-03-10T09:18:27Z",
		"views": 27
	},
	{
		"accountId": 36580364,
		"createdAt": "2019-01-08T09:32:12Z",
		"id": 33,
		"owner": "Maynard Day",
		"published": false,
		"revenue": 33346689,
		"spend": 39884097,
		"title": "Pragmatic Ads",
		"updatedAt": "2014-02-16T21:45:24Z",
		"views": 28
	},
	{
		"accountId": 36771225,
		"createdAt": "2019-09-03T11:30:02Z",
		"id": 34,
		"owner": "Milo Richards",
		"published": true,
		"revenue": 36073181,
		"spend": 34505875,
		"title": "Pragmatic Ads",
		"updatedAt": "2017-07-01T17:00:39Z",
		"views": 62
	},
	{
		"accountId": 30799432,
		"createdAt": "2021-01-16T23:34:53Z",
		"id": 35,
		"owner": "Gillian Ball",
		"published": false,
		"revenue": 38105303,
		"spend": 37204127,
		"title": "Video Ads",
		"updatedAt": "2012-07-23T15:05:47Z",
		"views": 54
	},
	{
		"accountId": 33191433,
		"createdAt": "2018-06-07T07:22:27Z",
		"id": 36,
		"owner": "Milo Richards",
		"published": true,
		"revenue": 33754200,
		"spend": 34216432,
		"title": "Pragmatic Ads",
		"updatedAt": "2018-11-14T22:57:05Z",
		"views": 77
	},
	{
		"accountId": 32613566,
		"createdAt": "2018-01-30T21:20:45Z",
		"id": 37,
		"owner": "Gillian Ball",
		"published": true,
		"revenue": 34393210,
		"spend": 35859697,
		"title": "Pragmatic Ads",
		"updatedAt": "2010-05-23T16:31:59Z",
		"views": 70
	},
	{
		"accountId": 39697688,
		"createdAt": "2020-08-13T17:34:14Z",
		"id": 38,
		"owner": "Maynard Day",
		"published": true,
		"revenue": 32803344,
		"spend": 30770124,
		"title": "Pragmatic Ads",
		"updatedAt": "2010-07-17T05:45:39Z",
		"views": 82
	},
	{
		"accountId": 36619963,
		"createdAt": "2012-11-24T09:03:16Z",
		"id": 39,
		"owner": "Maynard Day",
		"published": true,
		"revenue": 35650766,
		"spend": 31007188,
		"title": "Video Ads",
		"updatedAt": "2014-06-15T13:04:26Z",
		"views": 4
	},
	{
		"accountId": 34934239,
		"createdAt": "2012-09-16T07:12:35Z",
		"id": 40,
		"owner": "Maynard Day",
		"published": true,
		"revenue": 30476384,
		"spend": 37801588,
		"title": "Playable Ads",
		"updatedAt": "2020-03-04T07:13:03Z",
		"views": 76
	},
	{
		"accountId": 32065066,
		"createdAt": "2013-05-11T10:52:40Z",
		"id": 41,
		"owner": "Milo Richards",
		"published": true,
		"revenue": 33192004,
		"spend": 35497201,
		"title": "Playable Ads",
		"updatedAt": "2021-04-23T00:25:13Z",
		"views": 90
	},
	{
		"accountId": 30952585,
		"createdAt": "2011-06-29T08:04:30Z",
		"id": 42,
		"owner": "Egbert Maldonado",
		"published": true,
		"revenue": 36383981,
		"spend": 37313870,
		"title": "Video Ads",
		"updatedAt": "2018-03-07T18:45:51Z",
		"views": 76
	},
	{
		"accountId": 39043412,
		"createdAt": "2021-04-07T02:13:28Z",
		"id": 43,
		"owner": "Maynard Day",
		"published": false,
		"revenue": 36703314,
		"spend": 37890892,
		"title": "Pragmatic Ads",
		"updatedAt": "2016-03-07T05:00:02Z",
		"views": 63
	},
	{
		"accountId": 31759788,
		"createdAt": "2019-12-29T03:52:39Z",
		"id": 44,
		"owner": "Milo Richards",
		"published": true,
		"revenue": 37144056,
		"spend": 34939174,
		"title": "Video Ads",
		"updatedAt": "2018-03-29T05:36:45Z",
		"views": 34
	},
	{
		"accountId": 33708162,
		"createdAt": "2011-06-29T17:19:00Z",
		"id": 45,
		"owner": "Gillian Ball",
		"published": true,
		"revenue": 33017613,
		"spend": 33959462,
		"title": "Video Ads",
		"updatedAt": "2013-02-06T17:41:11Z",
		"views": 27
	},
	{
		"accountId": 30047445,
		"createdAt": "2021-08-18T21:56:19Z",
		"id": 46,
		"owner": "Maynard Day",
		"published": false,
		"revenue": 34497762,
		"spend": 38846145,
		"title": "Video Ads",
		"updatedAt": "2016-03-25T17:00:04Z",
		"views": 40
	},
	{
		"accountId": 33885471,
		"createdAt": "2013-01-28T00:52:22Z",
		"id": 47,
		"owner": "Egbert Maldonado",
		"published": false,
		"revenue": 39601647,
		"spend": 39155487,
		"title": "Video Ads",
		"updatedAt": "2014-08-17T06:59:26Z",
		"views": 3
	},
	{
		"accountId": 31951991,
		"createdAt": "2017-12-17T15:36:20Z",
		"id": 48,
		"owner": "Egbert Maldonado",
		"published": true,
		"revenue": 31026633,
		"spend": 31965097,
		"title": "Video Ads",
		"updatedAt": "2010-07-31T22:34:05Z",
		"views": 59
	},
	{
		"accountId": 33932640,
		"createdAt": "2011-09-26T04:59:17Z",
		"id": 49,
		"owner": "Gillian Ball",
		"published": true,
		"revenue": 39815093,
		"spend": 35156085,
		"title": "Playable Ads",
		"updatedAt": "2016-07-15T04:23:02Z",
		"views": 54
	},
	{
		"accountId": 34713829,
		"createdAt": "2020-05-25T10:28:21Z",
		"id": 50,
		"owner": "Maynard Day",
		"published": false,
		"revenue": 34634227,
		"spend": 32661923,
		"title": "Playable Ads",
		"updatedAt": "2014-06-28T01:01:39Z",
		"views": 34
	},
	{
		"accountId": 38079889,
		"createdAt": "2012-08-31T09:46:07Z",
		"id": 51,
		"owner": "Gillian Ball",
		"published": true,
		"revenue": 33433572,
		"spend": 30900934,
		"title": "Playable Ads",
		"updatedAt": "2012-08-30T19:24:11Z",
		"views": 54
	},
	{
		"accountId": 35781437,
		"createdAt": "2018-11-16T11:13:02Z",
		"id": 52,
		"owner": "Milo Richards",
		"published": false,
		"revenue": 36529261,
		"spend": 36879673,
		"title": "Video Ads",
		"updatedAt": "2010-06-17T22:26:57Z",
		"views": 28
	},
	{
		"accountId": 33573988,
		"createdAt": "2021-04-22T21:01:51Z",
		"id": 53,
		"owner": "Maynard Day",
		"published": true,
		"revenue": 36364129,
		"spend": 32644955,
		"title": "Playable Ads",
		"updatedAt": "2019-07-11T14:41:47Z",
		"views": 64
	},
	{
		"accountId": 34083568,
		"createdAt": "2015-10-24T18:47:50Z",
		"id": 54,
		"owner": "Egbert Maldonado",
		"published": false,
		"revenue": 36037848,
		"spend": 36866623,
		"title": "Pragmatic Ads",
		"updatedAt": "2021-02-21T17:43:42Z",
		"views": 50
	},
	{
		"accountId": 39415201,
		"createdAt": "2019-09-25T01:12:15Z",
		"id": 55,
		"owner": "Milo Richards",
		"published": true,
		"revenue": 33868970,
		"spend": 37595195,
		"title": "Playable Ads",
		"updatedAt": "2011-02-11T17:40:10Z",
		"views": 92
	},
	{
		"accountId": 34578711,
		"createdAt": "2013-08-03T15:46:59Z",
		"id": 56,
		"owner": "Gillian Ball",
		"published": false,
		"revenue": 35043379,
		"spend": 36733191,
		"title": "Pragmatic Ads",
		"updatedAt": "2016-07-17T07:52:58Z",
		"views": 38
	},
	{
		"accountId": 39631167,
		"createdAt": "2020-06-08T09:01:52Z",
		"id": 57,
		"owner": "Egbert Maldonado",
		"published": true,
		"revenue": 35922574,
		"spend": 31553890,
		"title": "Playable Ads",
		"updatedAt": "2013-02-12T00:23:07Z",
		"views": 21
	},
	{
		"accountId": 35401118,
		"createdAt": "2018-11-02T04:14:47Z",
		"id": 58,
		"owner": "Egbert Maldonado",
		"published": false,
		"revenue": 31965433,
		"spend": 36449009,
		"title": "Playable Ads",
		"updatedAt": "2010-11-01T12:18:51Z",
		"views": 18
	},
	{
		"accountId": 37560774,
		"createdAt": "2020-09-12T05:18:04Z",
		"id": 59,
		"owner": "Milo Richards",
		"published": true,
		"revenue": 37762551,
		"spend": 30644807,
		"title": "Video Ads",
		"updatedAt": "2014-04-17T09:21:06Z",
		"views": 5
	},
	{
		"accountId": 32816121,
		"createdAt": "2010-07-22T14:58:08Z",
		"id": 60,
		"owner": "Milo Richards",
		"published": false,
		"revenue": 35433096,
		"spend": 31990108,
		"title": "Playable Ads",
		"updatedAt": "2019-12-04T15:37:29Z",
		"views": 46
	},
	{
		"accountId": 37110854,
		"createdAt": "2018-12-25T18:08:03Z",
		"id": 61,
		"owner": "Gillian Ball",
		"published": true,
		"revenue": 31000578,
		"spend": 39266448,
		"title": "Playable Ads",
		"updatedAt": "2019-09-11T19:02:11Z",
		"views": 18
	},
	{
		"accountId": 38512081,
		"createdAt": "2020-12-26T02:50:40Z",
		"id": 62,
		"owner": "Egbert Maldonado",
		"published": true,
		"revenue": 35633895,
		"spend": 39531381,
		"title": "Playable Ads",
		"updatedAt": "2012-06-19T20:06:49Z",
		"views": 80
	},
	{
		"accountId": 36875172,
		"createdAt": "2016-10-29T08:49:29Z",
		"id": 63,
		"owner": "Maynard Day",
		"published": true,
		"revenue": 37739592,
		"spend": 37942453,
		"title": "Playable Ads",
		"updatedAt": "2010-09-30T23:42:00Z",
		"views": 53
	},
	{
		"accountId": 38073366,
		"createdAt": "2012-11-12T05:33:23Z",
		"id": 64,
		"owner": "Gillian Ball",
		"published": true,
		"revenue": 38601057,
		"spend": 31807246,
		"title": "Video Ads",
		"updatedAt": "2015-02-12T23:26:46Z",
		"views": 97
	},
	{
		"accountId": 30946153,
		"createdAt": "2020-11-27T15:39:45Z",
		"id": 65,
		"owner": "Milo Richards",
		"published": false,
		"revenue": 39367879,
		"spend": 33863111,
		"title": "Pragmatic Ads",
		"updatedAt": "2021-08-12T02:17:07Z",
		"views": 21
	},
	{
		"accountId": 37363295,
		"createdAt": "2021-07-19T01:19:49Z",
		"id": 66,
		"owner": "Gillian Ball",
		"published": false,
		"revenue": 35660991,
		"spend": 33749032,
		"title": "Pragmatic Ads",
		"updatedAt": "2018-04-29T14:34:44Z",
		"views": 63
	},
	{
		"accountId": 31539988,
		"createdAt": "2019-11-24T23:55:13Z",
		"id": 67,
		"owner": "Milo Richards",
		"published": false,
		"revenue": 35577127,
		"spend": 38030447,
		"title": "Video Ads",
		"updatedAt": "2014-08-27T21:06:02Z",
		"views": 8
	},
	{
		"accountId": 30645482,
		"createdAt": "2010-10-19T05:39:45Z",
		"id": 68,
		"owner": "Gillian Ball",
		"published": true,
		"revenue": 33613048,
		"spend": 37978082,
		"title": "Pragmatic Ads",
		"updatedAt": "2020-12-09T18:04:42Z",
		"views": 34
	},
	{
		"accountId": 36219149,
		"createdAt": "2021-02-19T07:35:34Z",
		"id": 69,
		"owner": "Milo Richards",
		"published": false,
		"revenue": 33117447,
		"spend": 39328346,
		"title": "Video Ads",
		"updatedAt": "2018-05-14T12:50:03Z",
		"views": 90
	},
	{
		"accountId": 31927965,
		"createdAt": "2014-04-01T20:51:25Z",
		"id": 70,
		"owner": "Egbert Maldonado",
		"published": false,
		"revenue": 34093562,
		"spend": 30795013,
		"title": "Pragmatic Ads",
		"updatedAt": "2018-04-20T04:44:49Z",
		"views": 46
	},
	{
		"accountId": 36195983,
		"createdAt": "2019-04-19T06:08:12Z",
		"id": 71,
		"owner": "Maynard Day",
		"published": true,
		"revenue": 32297253,
		"spend": 35736634,
		"title": "Video Ads",
		"updatedAt": "2010-11-15T16:24:18Z",
		"views": 14
	},
	{
		"accountId": 37734330,
		"createdAt": "2015-07-10T20:46:49Z",
		"id": 72,
		"owner": "Milo Richards",
		"published": false,
		"revenue": 39432996,
		"spend": 38594254,
		"title": "Video Ads",
		"updatedAt": "2015-11-09T13:06:38Z",
		"views": 57
	},
	{
		"accountId": 35120868,
		"createdAt": "2021-10-07T15:30:04Z",
		"id": 73,
		"owner": "Gillian Ball",
		"published": true,
		"revenue": 34454566,
		"spend": 31266206,
		"title": "Pragmatic Ads",
		"updatedAt": "2018-09-19T05:34:15Z",
		"views": 70
	},
	{
		"accountId": 36950760,
		"createdAt": "2010-11-14T14:19:41Z",
		"id": 74,
		"owner": "Milo Richards",
		"published": false,
		"revenue": 32618600,
		"spend": 38788778,
		"title": "Pragmatic Ads",
		"updatedAt": "2016-12-27T08:35:34Z",
		"views": 92
	},
	{
		"accountId": 32281360,
		"createdAt": "2011-05-16T13:42:42Z",
		"id": 75,
		"owner": "Egbert Maldonado",
		"published": true,
		"revenue": 38947956,
		"spend": 37743601,
		"title": "Playable Ads",
		"updatedAt": "2014-02-28T15:33:33Z",
		"views": 9
	},
	{
		"accountId": 34165663,
		"createdAt": "2013-01-30T06:46:49Z",
		"id": 76,
		"owner": "Maynard Day",
		"published": false,
		"revenue": 35663507,
		"spend": 38363167,
		"title": "Pragmatic Ads",
		"updatedAt": "2014-06-18T07:29:21Z",
		"views": 77
	},
	{
		"accountId": 32233423,
		"createdAt": "2018-12-11T20:30:29Z",
		"id": 77,
		"owner": "Gillian Ball",
		"published": true,
		"revenue": 32927789,
		"spend": 32872473,
		"title": "Pragmatic Ads",
		"updatedAt": "2011-07-26T19:14:48Z",
		"views": 23
	},
	{
		"accountId": 33819116,
		"createdAt": "2014-08-18T09:03:45Z",
		"id": 78,
		"owner": "Gillian Ball",
		"published": false,
		"revenue": 38129822,
		"spend": 37835763,
		"title": "Playable Ads",
		"updatedAt": "2020-04-18T04:13:55Z",
		"views": 54
	},
	{
		"accountId": 34660882,
		"createdAt": "2021-02-20T05:22:08Z",
		"id": 79,
		"owner": "Egbert Maldonado",
		"published": true,
		"revenue": 36236348,
		"spend": 37180795,
		"title": "Video Ads",
		"updatedAt": "2012-07-30T09:25:29Z",
		"views": 72
	},
	{
		"accountId": 34184906,
		"createdAt": "2020-02-18T04:09:26Z",
		"id": 80,
		"owner": "Gillian Ball",
		"published": true,
		"revenue": 33528777,
		"spend": 37464534,
		"title": "Video Ads",
		"updatedAt": "2018-04-22T21:02:38Z",
		"views": 88
	},
	{
		"accountId": 37045661,
		"createdAt": "2011-04-13T14:38:10Z",
		"id": 81,
		"owner": "Maynard Day",
		"published": true,
		"revenue": 30527269,
		"spend": 34800994,
		"title": "Pragmatic Ads",
		"updatedAt": "2020-11-26T04:47:03Z",
		"views": 20
	},
	{
		"accountId": 31420393,
		"createdAt": "2021-09-20T11:41:01Z",
		"id": 82,
		"owner": "Milo Richards",
		"published": true,
		"revenue": 30355469,
		"spend": 34249261,
		"title": "Pragmatic Ads",
		"updatedAt": "2016-04-21T11:35:22Z",
		"views": 77
	},
	{
		"accountId": 36942523,
		"createdAt": "2019-03-28T09:45:38Z",
		"id": 83,
		"owner": "Egbert Maldonado",
		"published": false,
		"revenue": 39155015,
		"spend": 32208501,
		"title": "Playable Ads",
		"updatedAt": "2015-03-28T09:13:35Z",
		"views": 14
	},
	{
		"accountId": 37520691,
		"createdAt": "2017-12-31T01:18:22Z",
		"id": 84,
		"owner": "Gillian Ball",
		"published": false,
		"revenue": 32033322,
		"spend": 38124163,
		"title": "Pragmatic Ads",
		"updatedAt": "2012-03-28T07:40:11Z",
		"views": 83
	},
	{
		"accountId": 32177736,
		"createdAt": "2012-05-26T21:55:32Z",
		"id": 85,
		"owner": "Egbert Maldonado",
		"published": false,
		"revenue": 33853476,
		"spend": 33725639,
		"title": "Playable Ads",
		"updatedAt": "2013-07-29T15:00:48Z",
		"views": 66
	},
	{
		"accountId": 37917965,
		"createdAt": "2016-10-03T04:22:28Z",
		"id": 86,
		"owner": "Maynard Day",
		"published": true,
		"revenue": 35901746,
		"spend": 39158776,
		"title": "Playable Ads",
		"updatedAt": "2021-08-28T13:28:17Z",
		"views": 74
	},
	{
		"accountId": 30780794,
		"createdAt": "2021-09-15T09:34:58Z",
		"id": 87,
		"owner": "Milo Richards",
		"published": true,
		"revenue": 35417896,
		"spend": 37460503,
		"title": "Playable Ads",
		"updatedAt": "2019-12-25T20:47:45Z",
		"views": 79
	},
	{
		"accountId": 33070807,
		"createdAt": "2015-08-01T01:31:56Z",
		"id": 88,
		"owner": "Milo Richards",
		"published": true,
		"revenue": 35410877,
		"spend": 39475011,
		"title": "Playable Ads",
		"updatedAt": "2020-05-08T02:06:21Z",
		"views": 79
	},
	{
		"accountId": 36942898,
		"createdAt": "2013-04-21T23:44:56Z",
		"id": 89,
		"owner": "Egbert Maldonado",
		"published": true,
		"revenue": 37586848,
		"spend": 31533734,
		"title": "Pragmatic Ads",
		"updatedAt": "2013-11-28T02:53:38Z",
		"views": 24
	},
	{
		"accountId": 35358028,
		"createdAt": "2015-09-26T01:23:35Z",
		"id": 90,
		"owner": "Gillian Ball",
		"published": false,
		"revenue": 32347113,
		"spend": 39400705,
		"title": "Playable Ads",
		"updatedAt": "2012-11-13T17:59:26Z",
		"views": 7
	},
	{
		"accountId": 37388668,
		"createdAt": "2010-07-03T13:27:19Z",
		"id": 91,
		"owner": "Egbert Maldonado",
		"published": true,
		"revenue": 37384270,
		"spend": 36010242,
		"title": "Playable Ads",
		"updatedAt": "2012-04-29T12:36:58Z",
		"views": 19
	},
	{
		"accountId": 38023963,
		"createdAt": "2017-01-09T04:11:55Z",
		"id": 92,
		"owner": "Milo Richards",
		"published": false,
		"revenue": 36145190,
		"spend": 34514597,
		"title": "Video Ads",
		"updatedAt": "2019-09-26T17:48:59Z",
		"views": 9
	},
	{
		"accountId": 30751642,
		"createdAt": "2020-11-19T07:18:28Z",
		"id": 93,
		"owner": "Gillian Ball",
		"published": true,
		"revenue": 35914707,
		"spend": 33084461,
		"title": "Video Ads",
		"updatedAt": "2017-12-29T17:44:07Z",
		"views": 71
	},
	{
		"accountId": 35281737,
		"createdAt": "2015-12-15T11:45:14Z",
		"id": 94,
		"owner": "Milo Richards",
		"published": false,
		"revenue": 30785073,
		"spend": 37560950,
		"title": "Pragmatic Ads",
		"updatedAt": "2015-05-12T21:01:42Z",
		"views": 73
	},
	{
		"accountId": 36234093,
		"createdAt": "2017-07-12T13:49:01Z",
		"id": 95,
		"owner": "Gillian Ball",
		"published": true,
		"revenue": 32160201,
		"spend": 30298101,
		"title": "Playable Ads",
		"updatedAt": "2020-07-08T05:16:18Z",
		"views": 46
	},
	{
		"accountId": 37994649,
		"createdAt": "2014-05-15T01:00:03Z",
		"id": 96,
		"owner": "Milo Richards",
		"published": false,
		"revenue": 31026426,
		"spend": 34695679,
		"title": "Playable Ads",
		"updatedAt": "2010-03-14T02:28:10Z",
		"views": 83
	},
	{
		"accountId": 35020601,
		"createdAt": "2015-12-24T01:59:18Z",
		"id": 97,
		"owner": "Gillian Ball",
		"published": true,
		"revenue": 32058796,
		"spend": 32848710,
		"title": "Video Ads",
		"updatedAt": "2011-05-08T05:04:29Z",
		"views": 21
	},
	{
		"accountId": 31805035,
		"createdAt": "2017-11-13T22:18:31Z",
		"id": 98,
		"owner": "Egbert Maldonado",
		"published": false,
		"revenue": 31089497,
		"spend": 34298154,
		"title": "Playable Ads",
		"updatedAt": "2020-03-03T16:25:56Z",
		"views": 24
	},
	{
		"accountId": 36098326,
		"createdAt": "2019-07-13T18:51:00Z",
		"id": 99,
		"owner": "Maynard Day",
		"published": true,
		"revenue": 37757717,
		"spend": 36804477,
		"title": "Pragmatic Ads",
		"updatedAt": "2013-10-28T10:28:16Z",
		"views": 56
	},
	{
		"accountId": 35677871,
		"createdAt": "2011-11-30T00:57:03Z",
		"id": 100,
		"owner": "Egbert Maldonado",
		"published": false,
		"revenue": 32489375,
		"spend": 30287678,
		"title": "Pragmatic Ads",
		"updatedAt": "2020-07-13T20:49:06Z",
		"views": 93
	}
]